<?xml version="1.0" encoding="UTF-8"?><collection xmlns="http://www.loc.gov/MARC21/slim"><record><leader>00411nam--2200133-i-4500</leader><controlfield tag="001">000040472</controlfield><controlfield tag="002">20161230</controlfield><controlfield tag="005">20161230201042</controlfield><controlfield tag="008">060222s1000------------r-----000-0-eng-d</controlfield><datafield ind1=" " ind2=" " tag="080"><subfield code="a">658.562</subfield></datafield><datafield ind1=" " ind2=" " tag="100"><subfield code="a">Schaafsma,A.H. Und Willemze</subfield></datafield><datafield ind1=" " ind2=" " tag="245"><subfield code="a">Moderne qualitatskontrolle. statistische und organisatoresche grundlagen der qualitatsgestaltung</subfield></datafield><datafield ind1=" " ind2=" " tag="260"><subfield code="a">/F.L./Philips Technische Bibl. Xvi + 468 P</subfield></datafield><datafield ind1=" " ind2=" " tag="852"><subfield code="a">12335</subfield></datafield></record></collection>